
@incollection{2009Wfpp,
  title = {Well-Being for Public Policy},
  booktitle = {Well-Being for Public Policy},
  author = {Ed Diener},
  date = {2009},
  series = {Series in Positive Psychology},
  publisher = {{Oxford University Press}},
  location = {{New York ; Oxford}},
  isbn = {0-19-533407-8},
  langid = {english},
  lccn = {2008035596},
  keywords = {Economic indicators,Political planning – Evaluation,Quality of life – Evaluation,Social indicators,Well-being – Evaluation}
}

@incollection{alexandrovaScienceWellbeing2015,
  title = {The {{Science}} of {{Well-being}}},
  booktitle = {The {{Routledge Handbook}} of {{Philosophy}} of {{Well-Being}}},
  author = {Alexandrova, Anna},
  date = {2015},
  edition = {1st},
  pages = {389--401},
  isbn = {978-1-138-57408-3},
  langid = {english},
  file = {/Users/gregormilligan/Zotero/storage/RC27WRGG/Alexandrova - THE SCIENCE OF WELL-BEING.pdf}
}

@article{alishahi_analyzing_2019,
  title = {Analyzing and Interpreting Neural Networks for {{NLP}}: {{A}} Report on the First {{BlackboxNLP}} Workshop},
  shorttitle = {Analyzing and Interpreting Neural Networks for {{NLP}}},
  author = {Alishahi, Afra and Chrupała, Grzegorz and Linzen, Tal},
  date = {2019-07},
  journaltitle = {Natural Language Engineering},
  shortjournal = {Nat. Lang. Eng.},
  volume = {25},
  number = {4},
  pages = {543--557},
  issn = {1351-3249, 1469-8110},
  doi = {10.1017/S135132491900024X},
  url = {https://www.cambridge.org/core/product/identifier/S135132491900024X/type/journal_article},
  urldate = {2022-05-21},
  langid = {english},
  file = {/Users/gregormilligan/Zotero/storage/PEHITCKC/Alishahi et al. - 2019 - Analyzing and interpreting neural networks for NLP.pdf}
}

@inproceedings{blei_dynamic_2006,
  title = {Dynamic Topic Models},
  booktitle = {Proceedings of the 23rd International Conference on {{Machine}} Learning  - {{ICML}} '06},
  author = {Blei, David M. and Lafferty, John D.},
  date = {2006},
  pages = {113--120},
  publisher = {{ACM Press}},
  location = {{Pittsburgh, Pennsylvania}},
  doi = {10.1145/1143844.1143859},
  url = {http://portal.acm.org/citation.cfm?doid=1143844.1143859},
  urldate = {2022-05-27},
  eventtitle = {The 23rd International Conference},
  isbn = {978-1-59593-383-6},
  langid = {english},
  file = {/Users/gregormilligan/Zotero/storage/7LD2RBGL/Blei and Lafferty - 2006 - Dynamic topic models.pdf}
}

@article{blei_latent_2003,
  title = {Latent {{Dirichlet Allocation}}},
  author = {Blei, David M},
  date = {2003},
  number = {3},
  pages = {993--1022},
  doi = {10.5555/944919.944937},
  langid = {english},
  file = {/Users/gregormilligan/Zotero/storage/TX9RBELQ/Blei - Latent Dirichlet Allocation.pdf}
}

@incollection{burrEthicsDigitalWellBeing2020,
  title = {The {{Ethics}} of {{Digital Well-Being}}: {{A Multidisciplinary Perspective}}},
  shorttitle = {The {{Ethics}} of {{Digital Well-Being}}},
  booktitle = {Ethics of {{Digital Well-Being}}},
  author = {Burr, Christopher and Floridi, Luciano},
  editor = {Burr, Christopher and Floridi, Luciano},
  date = {2020},
  series = {Philosophical {{Studies Series}}},
  volume = {140},
  pages = {1--29},
  publisher = {{Springer International Publishing}},
  location = {{Cham}},
  doi = {10.1007/978-3-030-50585-1_1},
  url = {http://link.springer.com/10.1007/978-3-030-50585-1_1},
  urldate = {2022-05-03},
  isbn = {978-3-030-50584-4 978-3-030-50585-1},
  langid = {english},
  file = {/Users/gregormilligan/Zotero/storage/6C448SND/Burr and Floridi - 2020 - The Ethics of Digital Well-Being A Multidisciplin.pdf}
}

@article{clarke_warwick-edinburgh_2011,
  title = {Warwick-{{Edinburgh Mental Well-being Scale}} ({{WEMWBS}}): {{Validated}} for Teenage School Students in {{England}} and {{Scotland}}. {{A}} Mixed Methods Assessment},
  shorttitle = {Warwick-{{Edinburgh Mental Well-being Scale}} ({{WEMWBS}})},
  author = {Clarke, Aileen and Friede, Tim and Putz, Rebecca and Ashdown, Jacquie and Martin, Steven and Blake, Amy and Adi, Yaser and Parkinson, Jane and Flynn, Pamela and Platt, Stephen and Stewart-Brown, Sarah},
  date = {2011},
  journaltitle = {BMC Public Health},
  shortjournal = {BMC Public Health},
  volume = {11},
  number = {1},
  pages = {487},
  issn = {1471-2458},
  doi = {10.1186/1471-2458-11-487},
  url = {http://bmcpublichealth.biomedcentral.com/articles/10.1186/1471-2458-11-487},
  urldate = {2022-05-11},
  langid = {english},
  file = {/Users/gregormilligan/Zotero/storage/ELJAJWZ9/Clarke et al. - 2011 - Warwick-Edinburgh Mental Well-being Scale (WEMWBS).pdf}
}

@article{cook_novel_2016,
  title = {Novel {{Use}} of {{Natural Language Processing}} ({{NLP}}) to {{Predict Suicidal Ideation}} and {{Psychiatric Symptoms}} in a {{Text-Based Mental Health Intervention}} in {{Madrid}}},
  author = {Cook, Benjamin L. and Progovac, Ana M. and Chen, Pei and Mullin, Brian and Hou, Sherry and Baca-Garcia, Enrique},
  date = {2016},
  journaltitle = {Computational and Mathematical Methods in Medicine},
  shortjournal = {Computational and Mathematical Methods in Medicine},
  volume = {2016},
  pages = {1--8},
  issn = {1748-670X, 1748-6718},
  doi = {10.1155/2016/8708434},
  url = {https://www.hindawi.com/journals/cmmm/2016/8708434/},
  urldate = {2022-05-21},
  langid = {english},
  file = {/Users/gregormilligan/Zotero/storage/KATP2KWH/Cook et al. - 2016 - Novel Use of Natural Language Processing (NLP) to .pdf}
}

@article{coppersmith_natural_2018,
  title = {Natural {{Language Processing}} of {{Social Media}} as {{Screening}} for {{Suicide Risk}}},
  author = {Coppersmith, Glen and Leary, Ryan and Crutchley, Patrick and Fine, Alex},
  date = {2018-01},
  journaltitle = {Biomedical Informatics Insights},
  shortjournal = {Biomed Inform Insights},
  volume = {10},
  pages = {117822261879286},
  issn = {1178-2226, 1178-2226},
  doi = {10.1177/1178222618792860},
  url = {http://journals.sagepub.com/doi/10.1177/1178222618792860},
  urldate = {2022-05-21},
  langid = {english},
  file = {/Users/gregormilligan/Zotero/storage/NUL29N2E/Coppersmith et al. - 2018 - Natural Language Processing of Social Media as Scr.pdf}
}

@article{coppersmith_natural_2018-1,
  title = {Natural {{Language Processing}} of {{Social Media}} as {{Screening}} for {{Suicide Risk}}},
  author = {Coppersmith, Glen and Leary, Ryan and Crutchley, Patrick and Fine, Alex},
  date = {2018-01},
  journaltitle = {Biomedical Informatics Insights},
  shortjournal = {Biomed Inform Insights},
  volume = {10},
  pages = {1-11},
  issn = {1178-2226, 1178-2226},
  doi = {10.1177/1178222618792860},
  url = {http://journals.sagepub.com/doi/10.1177/1178222618792860},
  urldate = {2022-05-31},
  langid = {english},
  file = {/Users/gregormilligan/Zotero/storage/NN6X696N/Coppersmith et al. - 2018 - Natural Language Processing of Social Media as Scr.pdf}
}

@article{devlin_bert_nodate,
  title = {{{BERT}}: {{Pre-training}} of {{Deep Bidirectional Transformers}} for {{Language Understanding}}},
  author = {Devlin, Jacob and Chang, Ming-Wei and Lee, Kenton and Toutanova, Kristina},
  date = {2019},
  journaltitle = {North American Chapter of the Association for Computational Linguistics},
  shortjournal = {NAACL},
  pages = {4171–4186},
  doi = {10.18653/v1/N19-1423},
  langid = {english},
  file = {/Users/gregormilligan/Zotero/storage/9CMCAE8A/Devlin et al. - BERT Pre-training of Deep Bidirectional Transform.pdf}
}


@article{diener_findings_2017,
  title = {Findings All Psychologists Should Know from the New Science on Subjective Well-Being.},
  author = {Diener, Ed and Heintzelman, Samantha J. and Kushlev, Kostadin and Tay, Louis and Wirtz, Derrick and Lutes, Lesley D. and Oishi, Shigehiro},
  date = {2017},
  journaltitle = {Canadian Psychology/Psychologie canadienne},
  shortjournal = {Canadian Psychology/Psychologie canadienne},
  volume = {58},
  number = {2},
  pages = {87--104},
  issn = {1878-7304, 0708-5591},
  doi = {10.1037/cap0000063},
  url = {http://doi.apa.org/getdoi.cfm?doi=10.1037/cap0000063},
  urldate = {2022-05-03},
  langid = {english},
  file = {/Users/gregormilligan/Zotero/storage/MKC5B3W4/Diener et al. - 2017 - Findings all psychologists should know from the ne.pdf}
}

@article{diener_new_2010,
  title = {New {{Well-being Measures}}: {{Short Scales}} to {{Assess Flourishing}} and {{Positive}} and {{Negative Feelings}}},
  shorttitle = {New {{Well-being Measures}}},
  author = {Diener, Ed and Wirtz, Derrick and Tov, William and Kim-Prieto, Chu and Choi, Dong-won and Oishi, Shigehiro and Biswas-Diener, Robert},
  date = {2010},
  journaltitle = {Social Indicators Research},
  shortjournal = {Soc Indic Res},
  volume = {97},
  number = {2},
  pages = {143--156},
  issn = {0303-8300, 1573-0921},
  doi = {10.1007/s11205-009-9493-y},
  url = {http://link.springer.com/10.1007/s11205-009-9493-y},
  urldate = {2022-05-11},
  langid = {english},
  file = {/Users/gregormilligan/Zotero/storage/D2HX34UK/Diener et al. - 2010 - New Well-being Measures Short Scales to Assess Fl.pdf}
}

@article{diener_response_1991,
  title = {Response Artifacts in the Measurement of Subjective Well-Being},
  author = {Diener, Ed and Sandvik, Ed and Pavot, William and Gallagher, Dennis},
  date = {1991},
  journaltitle = {Social Indicators Research},
  shortjournal = {Soc Indic Res},
  volume = {24},
  number = {1},
  pages = {35--56},
  issn = {0303-8300, 1573-0921},
  doi = {10.1007/BF00292649},
  url = {http://link.springer.com/10.1007/BF00292649},
  urldate = {2022-05-11},
  langid = {english},
  file = {/Users/gregormilligan/Zotero/storage/AVL2ZMSG/Diener et al. - 1991 - Response artifacts in the measurement of subjectiv.pdf}
}

@article{dienerSubjectiveWellbeing1984,
  title = {Subjective {{Well-being}}},
  author = {Diener, Ed},
  date = {1984},
  journaltitle = {American Pyschological Association},
  volume = {95},
  number = {3},
  pages = {542--575},
  doi = {10.1037/0033-2909.95.3.542},
  file = {/Users/gregormilligan/Zotero/storage/FGF9KLCE/Diener - 1984 - Subjective Well-being.pdf}
}

@article{dodds_temporal_2011,
  title = {Temporal Patterns of Happiness and Information in a Global Social Network: {{Hedonometrics}} and {{Twitter}}},
  shorttitle = {Temporal Patterns of Happiness and Information in a Global Social Network},
  author = {Dodds, Peter Sheridan and Harris, Kameron Decker and Kloumann, Isabel M. and Bliss, Catherine A. and Danforth, Christopher M.},
  date = {2011-12-07},
  journaltitle = {PLoS ONE},
  shortjournal = {PLoS ONE},
  volume = {6},
  number = {12},
  eprint = {1101.5120},
  eprinttype = {arxiv},
  primaryclass = {physics},
  pages = {1-30},
  issn = {1932-6203},
  doi = {10.1371/journal.pone.0026752},
  url = {http://arxiv.org/abs/1101.5120},
  urldate = {2022-05-26},
  archiveprefix = {arXiv},
  langid = {english},
  keywords = {Computer Science - Social and Information Networks,Physics - Physics and Society},
  file = {/Users/gregormilligan/Zotero/storage/DUFVT84B/Dodds et al. - 2011 - Temporal patterns of happiness and information in .pdf}
}

@incollection{forgas_understanding_2018,
  title = {Understanding the {{Good Life}}},
  booktitle = {The {{Social Psychology}} of {{Living Well}}},
  author = {Sheldon, Kennon M.},
  editor = {Forgas, Joseph P. and Baumeister, Roy F.},
  date = {2018},
  edition = {1},
  pages = {116--136},
  publisher = {{Routledge}},
  location = {{New York, NY : Routledge, 2018. | Series: The Sydney Symposium of Social Psychology series}},
  doi = {10.4324/9781351189712-8},
  url = {https://www.taylorfrancis.com/books/9781351189705/chapters/10.4324/9781351189712-8},
  urldate = {2022-05-10},
  isbn = {978-1-351-18971-2},
  langid = {english},
  file = {/Users/gregormilligan/Zotero/storage/583MSRHQ/Sheldon - 2018 - Understanding the Good Life.pdf}
}

@incollection{gelbukh_part--speech_2011,
  title = {Part-of-{{Speech Tagging}} from 97\% to 100\%: {{Is It Time}} for {{Some Linguistics}}?},
  shorttitle = {Part-of-{{Speech Tagging}} from 97\% to 100\%},
  booktitle = {Computational {{Linguistics}} and {{Intelligent Text Processing}}},
  author = {Manning, Christopher D.},
  editor = {Gelbukh, Alexander F.},
  date = {2011},
  series = {Lecture {{Notes}} in {{Computer Science}}},
  volume = {6608},
  pages = {171--189},
  publisher = {{Springer Berlin Heidelberg}},
  location = {{Berlin, Heidelberg}},
  doi = {10.1007/978-3-642-19400-9_14},
  url = {http://link.springer.com/10.1007/978-3-642-19400-9_14},
  urldate = {2022-05-27},
  isbn = {978-3-642-19399-6 978-3-642-19400-9},
  langid = {english},
  file = {/Users/gregormilligan/Zotero/storage/J3DBX42D/Manning - 2011 - Part-of-Speech Tagging from 97% to 100% Is It Tim.pdf}
}

@misc{goodfellow_generative_2014,
  title = {Generative {{Adversarial Networks}}},
  author = {Goodfellow, Ian J. and Pouget-Abadie, Jean and Mirza, Mehdi and Xu, Bing and Warde-Farley, David and Ozair, Sherjil and Courville, Aaron and Bengio, Yoshua},
  date = {2014-06-10},
  number = {arXiv:1406.2661},
  eprint = {1406.2661},
  eprinttype = {arxiv},
  primaryclass = {cs, stat},
  publisher = {{arXiv}},
  url = {http://arxiv.org/abs/1406.2661},
  urldate = {2022-05-21},
  archiveprefix = {arXiv},
  langid = {english},
  keywords = {Computer Science - Machine Learning,Statistics - Machine Learning},
  file = {/Users/gregormilligan/Zotero/storage/AUBCPI7P/Goodfellow et al. - 2014 - Generative Adversarial Networks.pdf}
}

@article{goodman_strengths_1997,
  title = {The {{Strengths}} and {{Difficulties Questionnaire}}: {{A Research Note}}},
  shorttitle = {The {{Strengths}} and {{Difficulties Questionnaire}}},
  author = {Goodman, Robert},
  date = {1997-07},
  journaltitle = {Journal of Child Psychology and Psychiatry},
  shortjournal = {J Child Psychol \& Psychiat},
  volume = {38},
  number = {5},
  pages = {581--586},
  issn = {0021-9630, 1469-7610},
  doi = {10.1111/j.1469-7610.1997.tb01545.x},
  url = {https://onlinelibrary.wiley.com/doi/10.1111/j.1469-7610.1997.tb01545.x},
  urldate = {2022-05-31},
  langid = {english},
  file = {/Users/gregormilligan/Zotero/storage/39CBNALY/Goodman - 1997 - The Strengths and Difficulties Questionnaire A Re.pdf}
}

@article{hanley_theory_2021,
  title = {A {{Theory}} of {{Change}} for {{Web-Based Therapy}} and {{Support Services}} for {{Children}} and {{Young People}}: {{Collaborative Qualitative Exploration}}},
  shorttitle = {A {{Theory}} of {{Change}} for {{Web-Based Therapy}} and {{Support Services}} for {{Children}} and {{Young People}}},
  author = {Hanley, Terry and Sefi, Aaron and Grauberg, Janet and Prescott, Julie and Etchebarne, Andre},
  date = {2021-03-22},
  journaltitle = {JMIR Pediatrics and Parenting},
  shortjournal = {JMIR Pediatr Parent},
  volume = {4},
  number = {1},
  pages = {e23193},
  issn = {2561-6722},
  doi = {10.2196/23193},
  url = {https://pediatrics.jmir.org/2021/1/e23193},
  urldate = {2022-05-31},
  langid = {english},
  file = {/Users/gregormilligan/Zotero/storage/WUCXVMPS/Hanley et al. - 2021 - A Theory of Change for Web-Based Therapy and Suppo.pdf}
}

@article{hirschberg_advances_2015,
  title = {Advances in Natural Language Processing},
  author = {Hirschberg, Julia and Manning, Christopher D},
  date = {2015},
  journaltitle = {Artificial Intelligence},
  volume = {349},
  number = {6245},
  pages = {261-266},
  doi = {10.1126/science.aaa8685},
  langid = {english},
  file = {/Users/gregormilligan/Zotero/storage/JE3FH42N/Hirschberg and Manning - Advances in natural language processing.pdf}
}

@article{hochreiter_long_1997,
  title = {Long {{Short-Term Memory}}},
  author = {Hochreiter, Sepp and Schmidhuber, Jürgen},
  date = {1997-11-01},
  journaltitle = {Neural Computation},
  shortjournal = {Neural Computation},
  volume = {9},
  number = {8},
  pages = {1735--1780},
  issn = {0899-7667, 1530-888X},
  doi = {10.1162/neco.1997.9.8.1735},
  url = {https://direct.mit.edu/neco/article/9/8/1735-1780/6109},
  urldate = {2022-05-21},
  langid = {english},
  file = {/Users/gregormilligan/Zotero/storage/RIQLXK54/Hochreiter and Schmidhuber - 1997 - Long Short-Term Memory.pdf}
}

@article{inkster_empathy-driven_2018,
  title = {An {{Empathy-Driven}}, {{Conversational Artificial Intelligence Agent}} ({{Wysa}}) for {{Digital Mental Well-Being}}: {{Real-World Data Evaluation Mixed-Methods Study}}},
  shorttitle = {An {{Empathy-Driven}}, {{Conversational Artificial Intelligence Agent}} ({{Wysa}}) for {{Digital Mental Well-Being}}},
  author = {Inkster, Becky and Sarda, Shubhankar and Subramanian, Vinod},
  date = {2018-11-23},
  journaltitle = {JMIR mHealth and uHealth},
  shortjournal = {JMIR Mhealth Uhealth},
  volume = {6},
  number = {11},
  pages = {1-14},
  issn = {2291-5222},
  doi = {10.2196/12106},
  url = {http://mhealth.jmir.org/2018/11/e12106/},
  urldate = {2022-06-05},
  langid = {english},
  file = {/Users/gregormilligan/Zotero/storage/JDK9MEMK/Inkster et al. - 2018 - An Empathy-Driven, Conversational Artificial Intel.pdf}
}

@article{jacob_measuring_2017,
  title = {Measuring What Matters to Patients: {{Using}} Goal Content to Inform Measure Choice and Development},
  shorttitle = {Measuring What Matters to Patients},
  author = {Jacob, Jenna and Edbrooke-Childs, Julian and Law, Duncan and Wolpert, Miranda},
  date = {2017-04},
  journaltitle = {Clinical Child Psychology and Psychiatry},
  shortjournal = {Clin Child Psychol Psychiatry},
  volume = {22},
  number = {2},
  pages = {170--186},
  issn = {1359-1045, 1461-7021},
  doi = {10.1177/1359104515615642},
  url = {http://journals.sagepub.com/doi/10.1177/1359104515615642},
  urldate = {2022-05-31},
  langid = {english},
  file = {/Users/gregormilligan/Zotero/storage/IY2BLYZI/Jacob et al. - 2017 - Measuring what matters to patients Using goal con.pdf}
}

@article{jacob_online_2021,
  title = {Online Counselling and Goal Achievement: {{Exploring}} Meaningful Change and the Types of Goals Progressed by Young People},
  shorttitle = {Online Counselling and Goal Achievement},
  author = {Jacob, Jenna and Costa da Silva, Luís and Sefi, Aaron and Edbrooke‐Childs, Julian},
  date = {2021-09},
  journaltitle = {Counselling and Psychotherapy Research},
  shortjournal = {Couns Psychother Res},
  volume = {21},
  number = {3},
  pages = {502--513},
  issn = {1473-3145, 1746-1405},
  doi = {10.1002/capr.12363},
  url = {https://onlinelibrary.wiley.com/doi/10.1002/capr.12363},
  urldate = {2022-05-31},
  langid = {english},
  file = {/Users/gregormilligan/Zotero/storage/Y9EUZN2Y/Jacob et al. - 2021 - Online counselling and goal achievement Exploring.pdf}
}

@article{jaidka_estimating_2020,
  title = {Estimating Geographic Subjective Well-Being from {{Twitter}}: {{A}} Comparison of Dictionary and Data-Driven Language Methods},
  shorttitle = {Estimating Geographic Subjective Well-Being from {{Twitter}}},
  author = {Jaidka, Kokil and Giorgi, Salvatore and Schwartz, H. Andrew and Kern, Margaret L. and Ungar, Lyle H. and Eichstaedt, Johannes C.},
  date = {2020-05-12},
  journaltitle = {Proceedings of the National Academy of Sciences},
  shortjournal = {Proc. Natl. Acad. Sci. U.S.A.},
  volume = {117},
  number = {19},
  pages = {10165--10171},
  issn = {0027-8424, 1091-6490},
  doi = {10.1073/pnas.1906364117},
  url = {https://pnas.org/doi/full/10.1073/pnas.1906364117},
  urldate = {2022-05-12},
  langid = {english},
  file = {/Users/gregormilligan/Zotero/storage/HEEQKUSA/Jaidka et al. - 2020 - Estimating geographic subjective well-being from T.pdf}
}

@article{kherwa_topic_2018,
  title = {Topic {{Modeling}}: {{A Comprehensive Review}}},
  shorttitle = {Topic {{Modeling}}},
  author = {Kherwa, Pooja and Bansal, Poonam},
  date = {2018-07-13},
  journaltitle = {ICST Transactions on Scalable Information Systems},
  shortjournal = {ICST Transactions on Scalable Information Systems},
  volume = {7},
  number = {24},
  pages = {159623},
  issn = {2032-9407},
  doi = {10.4108/eai.13-7-2018.159623},
  url = {http://eudl.eu/doi/10.4108/eai.13-7-2018.159623},
  urldate = {2022-05-27},
  langid = {english},
  file = {/Users/gregormilligan/Zotero/storage/RV9V85X3/Kherwa and Bansal - 2018 - Topic Modeling A Comprehensive Review.pdf}
}

@misc{kim_convolutional_2014,
  title = {Convolutional {{Neural Networks}} for {{Sentence Classification}}},
  author = {Kim, Yoon},
  date = {2014-09-02},
  number = {arXiv:1408.5882},
  eprint = {1408.5882},
  eprinttype = {arxiv},
  primaryclass = {cs},
  publisher = {{arXiv}},
  url = {http://arxiv.org/abs/1408.5882},
  urldate = {2022-05-21},
  archiveprefix = {arXiv},
  langid = {english},
  keywords = {Computer Science - Computation and Language,Computer Science - Neural and Evolutionary Computing},
  file = {/Users/gregormilligan/Zotero/storage/VBX6PTZ3/Kim - 2014 - Convolutional Neural Networks for Sentence Classif.pdf}
}

@article{kjell_natural_2022,
  title = {Natural Language Analyzed with {{AI-based}} Transformers Predict Traditional Subjective Well-Being Measures Approaching the Theoretical Upper Limits in Accuracy},
  author = {Kjell, Oscar N. E. and Sikström, Sverker and Kjell, Katarina and Schwartz, H. Andrew},
  date = {2022-03-10},
  journaltitle = {Scientific Reports},
  shortjournal = {Sci Rep},
  volume = {12},
  number = {1},
  pages = {3918},
  publisher = {{Nature Publishing Group}},
  issn = {2045-2322},
  doi = {10.1038/s41598-022-07520-w},
  url = {https://www.nature.com/articles/s41598-022-07520-w},
  urldate = {2022-05-31},
  issue = {1},
  langid = {english},
  keywords = {Human behaviour,Psychology},
  file = {/Users/gregormilligan/Zotero/storage/WIJ7PV97/Kjell et al. - 2022 - Natural language analyzed with AI-based transforme.pdf;/Users/gregormilligan/Zotero/storage/GDDHGN9D/s41598-022-07520-w.html}
}

@article{kozma_social_1988,
  title = {Social Desirability in Measures of Subjective Well-Being: {{Age}} Comparisons},
  shorttitle = {Social Desirability in Measures of Subjective Well-Being},
  author = {Kozma, Albert and Stones, M. J.},
  date = {1988-02},
  journaltitle = {Social Indicators Research},
  shortjournal = {Soc Indic Res},
  volume = {20},
  number = {1},
  pages = {1--14},
  issn = {0303-8300, 1573-0921},
  doi = {10.1007/BF00384215},
  url = {http://link.springer.com/10.1007/BF00384215},
  urldate = {2022-06-05},
  langid = {english},
  file = {/Users/gregormilligan/Zotero/storage/329VTRGS/Kozma and Stones - 1988 - Social desirability in measures of subjective well.pdf}
}

@inproceedings{kramer_unobtrusive_2010,
  title = {An Unobtrusive Behavioral Model of "Gross National Happiness"},
  booktitle = {Proceedings of the 28th International Conference on {{Human}} Factors in Computing Systems - {{CHI}} '10},
  author = {Kramer, Adam D.I.},
  date = {2010},
  pages = {287},
  publisher = {{ACM Press}},
  location = {{Atlanta, Georgia, USA}},
  doi = {10.1145/1753326.1753369},
  url = {http://portal.acm.org/citation.cfm?doid=1753326.1753369},
  urldate = {2022-05-26},
  eventtitle = {The 28th International Conference},
  isbn = {978-1-60558-929-9},
  langid = {english},
  file = {/Users/gregormilligan/Zotero/storage/4S42EFGT/Kramer - 2010 - An unobtrusive behavioral model of gross national.pdf}
}

@article{krizhevsky_imagenet_2017,
  title = {{{ImageNet}} Classification with Deep Convolutional Neural Networks},
  author = {Krizhevsky, Alex and Sutskever, Ilya and Hinton, Geoffrey E.},
  date = {2017-05-24},
  journaltitle = {Communications of the ACM},
  shortjournal = {Commun. ACM},
  volume = {60},
  number = {6},
  pages = {84--90},
  issn = {0001-0782, 1557-7317},
  doi = {10.1145/3065386},
  url = {https://dl.acm.org/doi/10.1145/3065386},
  urldate = {2022-05-21},
  langid = {english},
  file = {/Users/gregormilligan/Zotero/storage/KLFQJSLK/Krizhevsky et al. - 2017 - ImageNet classification with deep convolutional ne.pdf}
}

@misc{lample_neural_2016,
  title = {Neural {{Architectures}} for {{Named Entity Recognition}}},
  author = {Lample, Guillaume and Ballesteros, Miguel and Subramanian, Sandeep and Kawakami, Kazuya and Dyer, Chris},
  date = {2016-04-07},
  number = {arXiv:1603.01360},
  eprint = {1603.01360},
  eprinttype = {arxiv},
  primaryclass = {cs},
  publisher = {{arXiv}},
  url = {http://arxiv.org/abs/1603.01360},
  urldate = {2022-05-21},
  archiveprefix = {arXiv},
  langid = {english},
  keywords = {Computer Science - Computation and Language},
  file = {/Users/gregormilligan/Zotero/storage/V2XVY6TN/Lample et al. - 2016 - Neural Architectures for Named Entity Recognition.pdf}
}

@inproceedings{li_adversarial_2017,
  title = {Adversarial {{Learning}} for {{Neural Dialogue Generation}}},
  booktitle = {Proceedings of the 2017 {{Conference}} on {{Empirical Methods}} in {{Natural}}           {{Language Processing}}},
  author = {Li, Jiwei and Monroe, Will and Shi, Tianlin and Jean, Sėbastien and Ritter, Alan and Jurafsky, Dan},
  date = {2017},
  pages = {2157--2169},
  publisher = {{Association for Computational Linguistics}},
  location = {{Copenhagen, Denmark}},
  doi = {10.18653/v1/D17-1230},
  url = {http://aclweb.org/anthology/D17-1230},
  urldate = {2022-05-21},
  eventtitle = {Proceedings of the 2017 {{Conference}} on {{Empirical Methods}} in {{Natural}}           {{Language Processing}}},
  langid = {english},
  file = {/Users/gregormilligan/Zotero/storage/Z9V5ZH7U/Li et al. - 2017 - Adversarial Learning for Neural Dialogue Generatio.pdf}
}

@inproceedings{li_adversarial_2017-1,
  title = {Adversarial {{Learning}} for {{Neural Dialogue Generation}}},
  booktitle = {Proceedings of the 2017 {{Conference}} on {{Empirical Methods}} in {{Natural}}           {{Language Processing}}},
  author = {Li, Jiwei and Monroe, Will and Shi, Tianlin and Jean, Sėbastien and Ritter, Alan and Jurafsky, Dan},
  date = {2017},
  pages = {2157--2169},
  publisher = {{Association for Computational Linguistics}},
  location = {{Copenhagen, Denmark}},
  doi = {10.18653/v1/D17-1230},
  url = {http://aclweb.org/anthology/D17-1230},
  urldate = {2022-05-27},
  eventtitle = {Proceedings of the 2017 {{Conference}} on {{Empirical Methods}} in {{Natural}}           {{Language Processing}}},
  langid = {english},
  file = {/Users/gregormilligan/Zotero/storage/XVFN77XA/Li et al. - 2017 - Adversarial Learning for Neural Dialogue Generatio.pdf}
}

@article{luhmann_using_2017,
  title = {Using {{Big Data}} to Study Subjective Well-Being},
  author = {Luhmann, Maike},
  date = {2017-12},
  journaltitle = {Current Opinion in Behavioral Sciences},
  shortjournal = {Current Opinion in Behavioral Sciences},
  volume = {18},
  pages = {28--33},
  issn = {23521546},
  doi = {10.1016/j.cobeha.2017.07.006},
  url = {https://linkinghub.elsevier.com/retrieve/pii/S2352154617300360},
  urldate = {2022-05-12},
  langid = {english},
  file = {/Users/gregormilligan/Zotero/storage/HQIW7SUY/Luhmann - 2017 - Using Big Data to study subjective well-being.pdf}
}

@article{marksWellbeingManifesto2004,
  title = {The {{Well-being Manifesto}}},
  author = {Marks, Nic and Saha, Hetan},
  date = {2004},
  journaltitle = {ournal of Mental Health Promotion},
  volume = {3},
  number = {4},
  pages = {9--15},
  doi = {10.1108/17465729200400023},
  file = {/Users/gregormilligan/Zotero/storage/TSED4MP3/Marks_2004_well-being_manifesto.pdf}
}

@article{martela_clarifying_2019,
  title = {Clarifying the {{Concept}} of {{Well-Being}}: {{Psychological Need Satisfaction}} as the {{Common Core Connecting Eudaimonic}} and {{Subjective Well-Being}}},
  shorttitle = {Clarifying the {{Concept}} of {{Well-Being}}},
  author = {Martela, Frank and Sheldon, Kennon M.},
  date = {2019},
  journaltitle = {Review of General Psychology},
  shortjournal = {Review of General Psychology},
  volume = {23},
  number = {4},
  pages = {458--474},
  issn = {1089-2680, 1939-1552},
  doi = {10.1177/1089268019880886},
  url = {http://journals.sagepub.com/doi/10.1177/1089268019880886},
  urldate = {2022-05-09},
  langid = {english},
  file = {/Users/gregormilligan/Zotero/storage/PZAYHJ2R/Martela and Sheldon - 2019 - Clarifying the Concept of Well-Being Psychologica.pdf}
}

@article{mindel_assessing_2021,
  title = {Assessing the Need of Young People Using Online Counselling Services: How Useful Are Standardised Measures?},
  shorttitle = {Assessing the Need of Young People Using Online Counselling Services},
  author = {Mindel, Charlotte and Oppong, Crystal and Rothwell, Emily and Sefi, Aaron and Jacob, Jenna},
  date = {2021},
  journaltitle = {Child and Adolescent Mental Health},
  volume = {26},
  number = {4},
  pages = {339--346},
  issn = {1475-3588},
  doi = {10.1111/camh.12456},
  url = {https://onlinelibrary.wiley.com/doi/abs/10.1111/camh.12456},
  urldate = {2022-05-31},
  langid = {english},
  keywords = {adolescent,assessment measures,Child,mental health,online counselling,prevalence},
  annotation = {\_eprint: https://onlinelibrary.wiley.com/doi/pdf/10.1111/camh.12456},
  file = {/Users/gregormilligan/Zotero/storage/FWLK5LEC/Mindel et al. - 2021 - Assessing the need of young people using online co.pdf;/Users/gregormilligan/Zotero/storage/IKQR2N2N/camh.html}
}

@misc{mohammad_nrc-canada_2013,
  title = {{{NRC-Canada}}: {{Building}} the {{State-of-the-Art}} in {{Sentiment Analysis}} of {{Tweets}}},
  shorttitle = {{{NRC-Canada}}},
  author = {Mohammad, Saif M. and Kiritchenko, Svetlana and Zhu, Xiaodan},
  date = {2013-08-28},
  number = {arXiv:1308.6242},
  eprint = {1308.6242},
  eprinttype = {arxiv},
  primaryclass = {cs},
  publisher = {{arXiv}},
  url = {http://arxiv.org/abs/1308.6242},
  urldate = {2022-05-26},
  archiveprefix = {arXiv},
  langid = {english},
  keywords = {Computer Science - Computation and Language},
  file = {/Users/gregormilligan/Zotero/storage/U8WMB95Q/Mohammad et al. - 2013 - NRC-Canada Building the State-of-the-Art in Senti.pdf}
}

@article{nanomi_arachchige_investigating_2021,
  title = {Investigating {{Machine Learning}} \& {{Natural Language Processing Techniques Applied}} for {{Predicting Depression Disorder}} from {{Online Support Forums}}: {{A Systematic Literature Review}}},
  shorttitle = {Investigating {{Machine Learning}} \& {{Natural Language Processing Techniques Applied}} for {{Predicting Depression Disorder}} from {{Online Support Forums}}},
  author = {Nanomi Arachchige, Isuri Anuradha and Sandanapitchai, Priyadharshany and Weerasinghe, Ruvan},
  date = {2021-10-27},
  journaltitle = {Information},
  shortjournal = {Information},
  volume = {12},
  number = {11},
  pages = {444},
  issn = {2078-2489},
  doi = {10.3390/info12110444},
  url = {https://www.mdpi.com/2078-2489/12/11/444},
  urldate = {2022-05-21},
  langid = {english},
  file = {/Users/gregormilligan/Zotero/storage/FADWY6CR/Nanomi Arachchige et al. - 2021 - Investigating Machine Learning & Natural Language .pdf}
}

@article{noauthor_deep_nodate,
  title = {Deep {{Convolutional Neural Networks}} for {{Sentiment Analysis}} of {{Short Texts}}},
  pages = {10},
  langid = {english},
  file = {/Users/gregormilligan/Zotero/storage/YLLE5TJ9/Deep Convolutional Neural Networks for Sentiment A.pdf}
}

@online{noauthor_meet_2022,
  title = {Meet {{Wysa}} - {{Individuals}} | {{Employers}} | {{Healthcare}} | {{Insurers}}},
  date = {2022},
  url = {https://www.wysa.io/meet-wysa},
  urldate = {2022-06-05}
}

@online{noauthor_researching_2022,
  title = {Researching {{Meditation}} and {{Mindfulness}} - {{Headspace}}},
  date = {2022},
  url = {https://www.headspace.com/science/meditation-research?%243p=a_google_adwords&%24always_deeplink=false&lpurl=https%3A%2F%2Fwww.headspace.com%2Fscience%2Fmeditation-research%3Fgclsrc%3Daw.ds%26&~ad_set_id=51529951612&~campaign_id=917256451&~channel=g&~keyword=headspace&~placement&gclid=Cj0KCQjwqPGUBhDwARIsANNwjV5kPcGhQZZ5Ukmgff_T7RT7Jiiy19ul8DeMqGsYUwoMpz3PwfP9IOwaAszJEALw_wcB&gclid=Cj0KCQjwqPGUBhDwARIsANNwjV5kPcGhQZZ5Ukmgff_T7RT7Jiiy19ul8DeMqGsYUwoMpz3PwfP9IOwaAszJEALw_wcB&gclsrc=aw.ds&%24web_only=true&_branch_match_id=997183892272450192&utm_source=Google%20AdWords&utm_campaign=Google%20Search%20Sitelink%20Extension&utm_medium=paid%20advertising&_branch_referrer=H4sIAAAAAAAAA72QzY6CQBCEnwZugoDIsgnZ4G%2FUVdGoG72Q3pkGRgYYGcxEn37Bg4%2BwSR%2B6q1L5Kp01jZCfppkhUCmAYE%2FhrwFCGJyVuYnmaUXP3vKnX3hfmj1wRABxWlUpxxioqmoq9VYGruAhY4oouliQAJeoc3GveZB1BM0JNXvWjlLKeLMMUhWtJgnDkmC7FUhZAw2ryl6NEqEmmebMUsJlTTRnAsqgUrOHuuZNgcYSm5jRwLVc2%2Fdda2jZnUGgEMDSsrN8y7Pd4cC1XkYGZYk8SLsjx0fXPnh30VtKmxhf%2B6vx7qpu0fw4yiYq3C9kuNmo68nNIzLPdpeLe8yLNEnig7c%2FeEvGHpZ%2F5x8TXN%2Fm8nxU1Vo8nUglkb%2FYKgjlczkNv1WsyOifEO2vgten%2FgAnr3JL3AEAAA%3D%3D},
  urldate = {2022-06-05}
}

@article{nouh_smart_2019,
  title = {A {{Smart Recommender Based}} on {{Hybrid Learning Methods}} for {{Personal Well-Being Services}}},
  author = {Nouh, Rayan and Lee, Hyun-Ho and Lee, Won-Jin and Lee, Jae-Dong},
  date = {2019-01-21},
  journaltitle = {Sensors},
  shortjournal = {Sensors},
  volume = {19},
  number = {2},
  pages = {431},
  issn = {1424-8220},
  doi = {10.3390/s19020431},
  url = {http://www.mdpi.com/1424-8220/19/2/431},
  urldate = {2022-05-28},
  langid = {english},
  file = {/Users/gregormilligan/Zotero/storage/UJ8V7BM4/Nouh et al. - 2019 - A Smart Recommender Based on Hybrid Learning Metho.pdf}
}

@inproceedings{oseguera_automatic_2017,
  title = {Automatic {{Quantification}} of the {{Veracity}} of {{Suicidal Ideation}} in {{Counseling Transcripts}}},
  booktitle = {{{HCI International}} 2017 – {{Posters}}' {{Extended Abstracts}}},
  author = {Oseguera, Omar and Rinaldi, Alex and Tuazon, Joann and Cruz, Albert C.},
  editor = {Stephanidis, Constantine},
  date = {2017},
  series = {Communications in {{Computer}} and {{Information Science}}},
  pages = {473--479},
  publisher = {{Springer International Publishing}},
  location = {{Cham}},
  doi = {10.1007/978-3-319-58750-9_66},
  isbn = {978-3-319-58750-9},
  langid = {english},
  keywords = {Machine learning,Sentiment analysis,Suicide},
  file = {/Users/gregormilligan/Zotero/storage/LI4Z28ZN/Oseguera et al. - 2017 - Automatic Quantification of the Veracity of Suicid.pdf}
}

@article{ryan_happiness_2001,
  title = {On {{Happiness}} and {{Human Potentials}}: {{A Review}} of {{Research}} on {{Hedonic}} and {{Eudaimonic Well-Being}}},
  shorttitle = {On {{Happiness}} and {{Human Potentials}}},
  author = {Ryan and Deci},
  date = {2001},
  journaltitle = {Annual Review of Psychology},
  shortjournal = {Annu. Rev. Psychol.},
  volume = {52},
  number = {1},
  pages = {141--166},
  issn = {0066-4308, 1545-2085},
  doi = {10.1146/annurev.psych.52.1.141},
  url = {https://www.annualreviews.org/doi/10.1146/annurev.psych.52.1.141},
  urldate = {2022-05-09},
  langid = {english},
  file = {/Users/gregormilligan/Zotero/storage/FK6GABU6/Ryan and Deci - 2001 - On Happiness and Human Potentials A Review of Res.pdf}
}

@article{ryan_hedonia_2008,
  title = {Hedonia, Eudaimonia, and Well-Being: An Introduction},
  shorttitle = {Hedonia, Eudaimonia, and Well-Being},
  author = {Ryan, Richard M. and Deci, Edward},
  date = {2008},
  journaltitle = {Journal of Happiness Studies},
  shortjournal = {J Happiness Stud},
  volume = {9},
  number = {1},
  pages = {1--11},
  issn = {1389-4978, 1573-7780},
  doi = {10.1007/s10902-006-9018-1},
  url = {http://link.springer.com/10.1007/s10902-006-9018-1},
  urldate = {2022-05-03},
  langid = {english},
  file = {/Users/gregormilligan/Zotero/storage/GNEG69CT/Deci and Ryan - 2008 - Hedonia, eudaimonia, and well-being an introducti.pdf}
}

@article{ryanSelfDeterminationTheoryFacilitation2000,
  title = {Self-{{Determination Theory}} and the {{Facilitation}} of {{Intrinsic Motivation}}, {{Social Development}}, and {{Well-Being}}},
  author = {Ryan, Richard M and Deci, Edward L},
  date = {2000},
  journaltitle = {American Psychologist},
  pages = {11},
  langid = {english},
  file = {/Users/gregormilligan/Zotero/storage/ZUBWCEYW/Ryan and Deci - 2000 - Self-Determination Theory and the Facilitation of .pdf}
}

@article{ryffHappinessEverythingIt1989,
  title = {Happiness {{Is Everything}}, or {{Is It}}? {{Explorations}} on the {{Meaning}} of {{Psychological Well-Being}}},
  author = {Ryff, Carol D},
  date = {1989},
  journaltitle = {American Pyschological Association},
  volume = {57},
  number = {6},
  pages = {1069--1081},
  doi = {10.1037/0022-3514.57.6.1069},
  langid = {english},
  file = {/Users/gregormilligan/Zotero/storage/8F2SJKU3/Ryff - Happiness Is Everything, or Is It Explorations on.pdf}
}

@incollection{Sandvik2009,
  title = {Subjective Well-Being: {{The}} Convergence and Stability of Self-Report and Non-Self-Report Measures},
  booktitle = {Assessing Well-Being: {{The}} Collected Works of Ed Diener},
  author = {Sandvik, Ed and Diener, Ed and Seidlitz, Larry},
  editor = {Diener, Ed},
  date = {2009},
  pages = {119--138},
  publisher = {{Springer Netherlands}},
  location = {{Dordrecht}},
  doi = {10.1007/978-90-481-2354-4_6},
  url = {https://doi.org/10.1007/978-90-481-2354-4_6},
  isbn = {978-90-481-2354-4}
}

@article{savic_first_nodate,
  title = {First Published in 2013 by {{CAMHS Press CAMHS Press}} at {{EBPU}} 12 {{Maresfield Gardens London NW3 5SU}}},
  author = {Savic, Slavi},
  pages = {48},
  langid = {english},
  file = {/Users/gregormilligan/Zotero/storage/LF8IXHTP/Savic - First published in 2013 by CAMHS Press CAMHS Press.pdf}
}

@inproceedings{schwartz_predicting_2016,
  title = {{{Predicting Individual Well-being Through The Language Of Social Media}}},
  booktitle = {Biocomputing 2016},
  author = {Schwartz, H. Andrew and Sap, Maarten and Kern, Margaret L. and Eichstaedt, Johannes C. and Kapelner, Adam and Agrawal, Megha and Blanco, Eduardo and Dziurzynski, Lukasz and Park, Gregory and Stillwell, David and Kosinski, Michal and Seligman, Martin E.P. and Ungar, Lyle H.},
  date = {2016-01},
  pages = {516--527},
  publisher = {{WORLD SCIENTIFIC}},
  location = {{Kohala Coast, Hawaii, USA}},
  doi = {10.1142/9789814749411_0047},
  url = {http://www.worldscientific.com/doi/abs/10.1142/9789814749411_0047},
  urldate = {2022-05-26},
  eventtitle = {Proceedings of the {{Pacific Symposium}}},
  isbn = {978-981-4749-40-4 978-981-4749-41-1},
  langid = {english},
  file = {/Users/gregormilligan/Zotero/storage/TQM822A6/Schwartz et al. - 2016 - PREDICTING INDIVIDUAL WELL-BEING THROUGH THE LANGU.pdf}
}

@article{sefi_examining_2012,
  title = {Examining the Complexities of Measuring Effectiveness of Online Counselling for Young People Using Routine Evaluation Data},
  author = {Sefi, Aaron and Hanley, Terry},
  date = {2012-03},
  journaltitle = {Pastoral Care in Education},
  shortjournal = {Pastoral Care in Education},
  volume = {30},
  number = {1},
  pages = {49--64},
  issn = {0264-3944, 1468-0122},
  doi = {10.1080/02643944.2011.651224},
  url = {https://www.tandfonline.com/doi/full/10.1080/02643944.2011.651224},
  urldate = {2022-05-31},
  langid = {english},
  file = {/Users/gregormilligan/Zotero/storage/XA4ACVBL/Sefi and Hanley - 2012 - Examining the complexities of measuring effectiven.pdf}
}

@article{sefi_testing_2021,
  title = {Testing, Testing, One, Two, Three: {{Service}} User Evaluation of Three Standard Measures of Mental Health and Well-Being in an Online Counselling and Support Service for Children and Young People},
  shorttitle = {Testing, Testing, One, Two, Three},
  author = {Sefi, Aaron and Frampton, Ian},
  date = {2021},
  journaltitle = {Counselling and Psychotherapy Research},
  volume = {21},
  number = {3},
  pages = {514--521},
  issn = {1746-1405},
  doi = {10.1002/capr.12368},
  url = {https://onlinelibrary.wiley.com/doi/abs/10.1002/capr.12368},
  urldate = {2022-05-31},
  langid = {english},
  keywords = {children and young people,online counselling,routine outcome measures},
  annotation = {\_eprint: https://onlinelibrary.wiley.com/doi/pdf/10.1002/capr.12368},
  file = {/Users/gregormilligan/Zotero/storage/P535ZWWT/capr.html}
}

@report{shatte_machine_2018,
  type = {preprint},
  title = {Machine Learning in Mental Health: {{A}} Systematic Scoping Review of Methods and Applications},
  shorttitle = {Machine Learning in Mental Health},
  author = {Shatte, Adrian and Hutchinson, Delyse and Teague, Samantha},
  date = {2018-07-06},
  institution = {{Open Science Framework}},
  doi = {10.31219/osf.io/hjrw8},
  url = {https://osf.io/hjrw8},
  urldate = {2022-05-21},
  langid = {english},
  file = {/Users/gregormilligan/Zotero/storage/YT3JRXNR/Shatte et al. - 2018 - Machine learning in mental health A systematic sc.pdf}
}

@article{strous_automated_2009,
  title = {Automated {{Characterization}} and {{Identification}} of {{Schizophrenia}} in {{Writing}}},
  author = {Strous, Rael D. and Koppel, Moshe and Fine, Jonathan and Nachliel, Smadar and Shaked, Ginette and Zivotofsky, Ari Z.},
  date = {2009-08},
  journaltitle = {The Journal of Nervous and Mental Disease},
  volume = {197},
  number = {8},
  pages = {585--588},
  issn = {0022-3018},
  doi = {10.1097/NMD.0b013e3181b09068},
  url = {https://journals.lww.com/jonmd/Abstract/2009/08000/Automated_Characterization_and_Identification_of.6.aspx},
  urldate = {2022-05-31},
  langid = {american},
  file = {/Users/gregormilligan/Zotero/storage/ITR9CRM7/Automated_Characterization_and_Identification_of.6.html}
}

@misc{torfi_natural_2021,
  title = {Natural {{Language Processing Advancements By Deep Learning}}: {{A Survey}}},
  shorttitle = {Natural {{Language Processing Advancements By Deep Learning}}},
  author = {Torfi, Amirsina and Shirvani, Rouzbeh A. and Keneshloo, Yaser and Tavaf, Nader and Fox, Edward A.},
  date = {2021-02-27},
  number = {arXiv:2003.01200},
  eprint = {2003.01200},
  eprinttype = {arxiv},
  primaryclass = {cs},
  publisher = {{arXiv}},
  url = {http://arxiv.org/abs/2003.01200},
  urldate = {2022-05-21},
  archiveprefix = {arXiv},
  langid = {english},
  keywords = {Computer Science - Artificial Intelligence,Computer Science - Computation and Language,Computer Science - Machine Learning},
  file = {/Users/gregormilligan/Zotero/storage/UW7W8HTC/Torfi et al. - 2021 - Natural Language Processing Advancements By Deep L.pdf}
}

@article{twigg_young_2009,
  title = {The {{Young Person}}'s {{CORE}}: {{Development}} of a Brief Outcome Measure for Young People},
  shorttitle = {The {{Young Person}}'s {{CORE}}},
  author = {Twigg, Elspeth and Barkham, Michael and Bewick, Bridgette M. and Mulhern, Brendan and Connell, Janice and Cooper, Mick},
  date = {2009-09},
  journaltitle = {Counselling and Psychotherapy Research},
  shortjournal = {Counselling and Psychotherapy Research},
  volume = {9},
  number = {3},
  pages = {160--168},
  issn = {1473-3145, 1746-1405},
  doi = {10.1080/14733140902979722},
  url = {http://doi.wiley.com/10.1080/14733140902979722},
  urldate = {2022-05-31},
  langid = {english},
  file = {/Users/gregormilligan/Zotero/storage/5HBMY7PL/Twigg et al. - 2009 - The Young Person's CORE Development of a brief ou.pdf}
}

@article{voukelatou_measuring_2021,
  title = {Measuring Objective and Subjective Well-Being: Dimensions and Data Sources},
  shorttitle = {Measuring Objective and Subjective Well-Being},
  author = {Voukelatou, Vasiliki and Gabrielli, Lorenzo and Miliou, Ioanna and Cresci, Stefano and Sharma, Rajesh and Tesconi, Maurizio and Pappalardo, Luca},
  date = {2021},
  journaltitle = {International Journal of Data Science and Analytics},
  shortjournal = {Int J Data Sci Anal},
  volume = {11},
  number = {4},
  pages = {279--309},
  issn = {2364-415X, 2364-4168},
  doi = {10.1007/s41060-020-00224-2},
  url = {https://link.springer.com/10.1007/s41060-020-00224-2},
  urldate = {2022-05-03},
  langid = {english},
  file = {/Users/gregormilligan/Zotero/storage/WH4DEZJD/Voukelatou et al. - 2021 - Measuring objective and subjective well-being dim.pdf}
}

@article{voukelatou_measuring_2021-1,
  title = {Measuring Objective and Subjective Well-Being: Dimensions and Data Sources},
  shorttitle = {Measuring Objective and Subjective Well-Being},
  author = {Voukelatou, Vasiliki and Gabrielli, Lorenzo and Miliou, Ioanna and Cresci, Stefano and Sharma, Rajesh and Tesconi, Maurizio and Pappalardo, Luca},
  date = {2021-05},
  journaltitle = {International Journal of Data Science and Analytics},
  shortjournal = {Int J Data Sci Anal},
  volume = {11},
  number = {4},
  pages = {279--309},
  issn = {2364-415X, 2364-4168},
  doi = {10.1007/s41060-020-00224-2},
  url = {https://link.springer.com/10.1007/s41060-020-00224-2},
  urldate = {2022-05-12},
  langid = {english},
  file = {/Users/gregormilligan/Zotero/storage/WJQ7J2HK/Voukelatou et al. - 2021 - Measuring objective and subjective well-being dim.pdf}
}

@article{waterman_reconsidering_2008,
  title = {Reconsidering Happiness: A Eudaimonist's Perspective},
  shorttitle = {Reconsidering Happiness},
  author = {Waterman, Alan S.},
  date = {2008},
  journaltitle = {The Journal of Positive Psychology},
  shortjournal = {The Journal of Positive Psychology},
  volume = {3},
  number = {4},
  pages = {234--252},
  issn = {1743-9760, 1743-9779},
  doi = {10.1080/17439760802303002},
  url = {http://www.tandfonline.com/doi/abs/10.1080/17439760802303002},
  urldate = {2022-05-09},
  langid = {english},
  file = {/Users/gregormilligan/Zotero/storage/EYZX6L94/Waterman - 2008 - Reconsidering happiness a eudaimonist's perspecti.pdf}
}

@article{watermanQuestionnaireEudaimonicWellBeing2010,
  title = {The {{Questionnaire}} for {{Eudaimonic Well-Being}}: {{Psychometric}} Properties, Demographic Comparisons, and Evidence of Validity},
  shorttitle = {The {{Questionnaire}} for {{Eudaimonic Well-Being}}},
  author = {Waterman, Alan S. and Schwartz, Seth J. and Zamboanga, Byron L. and Ravert, Russell D. and Williams, Michelle K. and Bede Agocha, V. and Yeong Kim, Su and Brent Donnellan, M.},
  date = {2010-01},
  journaltitle = {The Journal of Positive Psychology},
  shortjournal = {The Journal of Positive Psychology},
  volume = {5},
  number = {1},
  pages = {41--61},
  issn = {1743-9760, 1743-9779},
  doi = {10.1080/17439760903435208},
  url = {http://www.tandfonline.com/doi/abs/10.1080/17439760903435208},
  urldate = {2022-05-11},
  langid = {english},
  file = {/Users/gregormilligan/Zotero/storage/27CFSAIA/Waterman et al. - 2010 - The Questionnaire for Eudaimonic Well-Being Psych.pdf}
}

@article{watermanTwoConceptionsHappiness1993,
  title = {Two Conceptions of Happiness: {{Contrasts}} of Personal Expressiveness (Eudaimonia) and Hedonic Enjoyment.},
  shorttitle = {Two Conceptions of Happiness},
  author = {Waterman, Alan S.},
  date = {1993},
  journaltitle = {Journal of Personality and Social Psychology},
  shortjournal = {Journal of Personality and Social Psychology},
  volume = {64},
  number = {4},
  pages = {678--691},
  issn = {0022-3514},
  doi = {10.1037/0022-3514.64.4.678},
  url = {http://doi.apa.org/getdoi.cfm?doi=10.1037/0022-3514.64.4.678},
  urldate = {2022-05-10},
  langid = {english},
  file = {/Users/gregormilligan/Zotero/storage/33IE4BVS/Waterman - 1993 - Two conceptions of happiness Contrasts of persona.pdf}
}

@article{watsonDevelopmentValidationBrief1988,
  title = {Development and {{Validation}} of {{Brief Measures}} of {{Positive}} and {{Negative Affect}}: {{The PANAS Scales}}},
  author = {Watson, David and Anna, Lee and Tellegen, Auke},
  date = {1988},
  journaltitle = {Journal of Personality and Social Psychology},
  volume = {54},
  number = {6},
  pages = {1063--1070},
  doi = {10.1037/0022-3514.54.6.1063},
  langid = {english},
  file = {/Users/gregormilligan/Zotero/storage/8G6CPGBZ/Watson et al. - Development and Validation of Brief Measures of Po.pdf}
}

@article{wu_deep_2020,
  title = {Deep Learning in Clinical Natural Language Processing: A Methodical Review},
  shorttitle = {Deep Learning in Clinical Natural Language Processing},
  author = {Wu, Stephen and Roberts, Kirk and Datta, Surabhi and Du, Jingcheng and Ji, Zongcheng and Si, Yuqi and Soni, Sarvesh and Wang, Qiong and Wei, Qiang and Xiang, Yang and Zhao, Bo and Xu, Hua},
  date = {2020-03-01},
  journaltitle = {Journal of the American Medical Informatics Association},
  volume = {27},
  number = {3},
  pages = {457--470},
  issn = {1527-974X},
  doi = {10.1093/jamia/ocz200},
  url = {https://academic.oup.com/jamia/article/27/3/457/5651084},
  urldate = {2022-05-21},
  langid = {english},
  file = {/Users/gregormilligan/Zotero/storage/UKZLDJI8/Wu et al. - 2020 - Deep learning in clinical natural language process.pdf}
}

@misc{zhang_character-level_2016,
  title = {Character-Level {{Convolutional Networks}} for {{Text Classification}}},
  author = {Zhang, Xiang and Zhao, Junbo and LeCun, Yann},
  date = {2016-04-03},
  number = {arXiv:1509.01626},
  eprint = {1509.01626},
  eprinttype = {arxiv},
  primaryclass = {cs},
  publisher = {{arXiv}},
  url = {http://arxiv.org/abs/1509.01626},
  urldate = {2022-05-21},
  archiveprefix = {arXiv},
  langid = {english},
  keywords = {Computer Science - Computation and Language,Computer Science - Machine Learning},
  file = {/Users/gregormilligan/Zotero/storage/YSHIJEZE/Zhang et al. - 2016 - Character-level Convolutional Networks for Text Cl.pdf}
}

@article{zollars_effects_2019,
  title = {Effects of Mindfulness Meditation on Mindfulness, Mental Well-Being, and Perceived Stress},
  author = {Zollars, Irene and Poirier, Therese I. and Pailden, Junvie},
  date = {2019-10},
  journaltitle = {Currents in Pharmacy Teaching and Learning},
  shortjournal = {Currents in Pharmacy Teaching and Learning},
  volume = {11},
  number = {10},
  pages = {1022--1028},
  issn = {18771297},
  doi = {10.1016/j.cptl.2019.06.005},
  url = {https://linkinghub.elsevier.com/retrieve/pii/S1877129718304568},
  urldate = {2022-06-05},
  langid = {english},
  file = {/Users/gregormilligan/Zotero/storage/3SDL6H7P/Zollars et al. - 2019 - Effects of mindfulness meditation on mindfulness, .pdf}
}


